<record><leader>00000cas a22000007a 4500</leader><controlfield tag="001">34317555</controlfield><controlfield tag="008">960306c19959999cauwn ne      0   a0eng d</controlfield><datafield ind1=" " ind2=" " tag="010"><subfield code="a">sn 96000070 </subfield></datafield><datafield ind1=" " ind2=" " tag="040"><subfield code="a">NSD</subfield><subfield code="b">eng</subfield><subfield code="c">NSD</subfield><subfield code="d">CASUM</subfield><subfield code="d">STF</subfield><subfield code="d">OCLCQ</subfield><subfield code="d">OCLCF</subfield><subfield code="d">OCLCO</subfield></datafield><datafield ind1=" " ind2=" " tag="012"><subfield code="m">y</subfield></datafield><datafield ind1="1" ind2=" " tag="022"><subfield code="a">1087-4763</subfield><subfield code="l">1087-4763</subfield><subfield code="y">0049-2108</subfield><subfield code="2">1</subfield></datafield><datafield ind1=" " ind2=" " tag="032"><subfield code="a">702740</subfield><subfield code="b">USPS</subfield></datafield><datafield ind1=" " ind2=" " tag="037"><subfield code="b">Stanford University News Service, Press Courtyard, Santa Teresa St., Stanford, CA 94305-2245</subfield><subfield code="c">Free to staff and faculty</subfield></datafield><datafield ind1=" " ind2=" " tag="042"><subfield code="a">nsdp</subfield><subfield code="a">msc</subfield></datafield><datafield ind1=" " ind2="0" tag="222"><subfield code="a">Stanford report</subfield></datafield><datafield ind1="0" ind2="0" tag="245"><subfield code="a">Stanford report.</subfield></datafield><datafield ind1=" " ind2=" " tag="260"><subfield code="a">Stanford, CA :</subfield><subfield code="b">Stanford University News Service,</subfield><subfield code="c">[1995]-</subfield></datafield><datafield ind1=" " ind2=" " tag="300"><subfield code="a">v.</subfield></datafield><datafield ind1=" " ind2=" " tag="310"><subfield code="a">Weekly</subfield></datafield><datafield ind1="0" ind2=" " tag="362"><subfield code="a">Vol. 28, no. 1 (Sept. 27, 1995)-</subfield></datafield><datafield ind1="2" ind2="0" tag="610"><subfield code="a">Stanford University</subfield><subfield code="v">Periodicals.</subfield></datafield><datafield ind1=" " ind2="0" tag="650"><subfield code="a">Universities and colleges</subfield><subfield code="v">Periodicals.</subfield></datafield><datafield ind1=" " ind2="4" tag="651"><subfield code="a">Stanford (Calif.)</subfield></datafield><datafield ind1=" " ind2="7" tag="655"><subfield code="a">Periodicals.</subfield><subfield code="2">fast</subfield><subfield code="0">(OCoLC)fst01411641</subfield></datafield><datafield ind1="2" ind2="7" tag="610"><subfield code="a">Stanford University.</subfield><subfield code="2">fast</subfield><subfield code="0">(OCoLC)fst00532770</subfield></datafield><datafield ind1=" " ind2="7" tag="650"><subfield code="a">Universities and colleges.</subfield><subfield code="2">fast</subfield><subfield code="0">(OCoLC)fst01161597</subfield></datafield><datafield ind1="2" ind2=" " tag="710"><subfield code="a">Stanford University News Service.</subfield></datafield><datafield ind1="0" ind2="0" tag="780"><subfield code="a">Stanford University. Office of Public Affairs.</subfield><subfield code="t">Campus report</subfield><subfield code="x">0049-2108</subfield><subfield code="w">(DLC)sn 78001216</subfield></datafield></record>